@misc{bachelor_curriculum,
    author  = "CPH Business",
    title   = "Studieordning",
    pages = "16",
    url       = "https://www.cphbusiness.dk/media/78341/pba_soft_cba_studieordning_2017.pdf"
}

@misc{bachelor_project,
    author  = "CPH Business",
    title   = "Bachelor project",
    url       = "https://datsoftlyngby.github.io/soft2020fall/resources/bbe51cf2-bachelorProject.pdf"
}